<record><leader>00000cas a22000007a 4500</leader><controlfield tag="001">19620893</controlfield><controlfield tag="008">890428d196719uuaruwr ne      0    0eng d</controlfield><datafield ind1=" " ind2=" " tag="010"><subfield code="a">sn 89051182 </subfield></datafield><datafield ind1=" " ind2=" " tag="040"><subfield code="a">ANU</subfield><subfield code="b">eng</subfield><subfield code="c">ANU</subfield><subfield code="d">OCLCQ</subfield></datafield><datafield ind1=" " ind2=" " tag="042"><subfield code="a">msc</subfield></datafield><datafield ind1="0" ind2="4" tag="245"><subfield code="a">The Border/advertiser.</subfield></datafield><datafield ind1=" " ind2=" " tag="260"><subfield code="a">Fort Smith, Ark. :</subfield><subfield code="b">Border Advertiser</subfield></datafield><datafield ind1=" " ind2=" " tag="300"><subfield code="a">v.</subfield></datafield><datafield ind1=" " ind2=" " tag="310"><subfield code="a">Weekly</subfield></datafield><datafield ind1="0" ind2=" " tag="362"><subfield code="a">Vol. 1, no. 1 (Mar. 2, 1967)-</subfield></datafield><datafield ind1=" " ind2="4" tag="651"><subfield code="a">Fort Smith (Ark.)</subfield><subfield code="v">Newspapers.</subfield></datafield><datafield ind1=" " ind2="4" tag="651"><subfield code="a">Sebastian County (Ark.)</subfield><subfield code="v">Newspapers.</subfield></datafield><datafield ind1=" " ind2=" " tag="752"><subfield code="a">United States</subfield><subfield code="b">Arkansas</subfield><subfield code="c">Sebastian</subfield><subfield code="d">Fort Smith.</subfield></datafield><datafield ind1="1" ind2=" " tag="029"><subfield code="a">AU@</subfield><subfield code="b">000020565493</subfield></datafield></record>